<?xml version="1.0" encoding="UTF-8"?><collection xmlns="http://www.loc.gov/MARC21/slim"><record><leader>00448nam--2200181-u-4500</leader><controlfield tag="001">000052536</controlfield><controlfield tag="002">20161230</controlfield><controlfield tag="005">20161230201050</controlfield><controlfield tag="008">100903s1000------------r-----000-0-rus-d</controlfield><datafield ind1=" " ind2=" " tag="040"><subfield code="a">IFIN-HH</subfield></datafield><datafield ind1=" " ind2=" " tag="041"><subfield code="a">rus</subfield></datafield><datafield ind1=" " ind2=" " tag="080"><subfield code="a">532</subfield></datafield><datafield ind1="1" ind2=" " tag="100"><subfield code="a">Hublarian, M.G</subfield></datafield><datafield ind1="1" ind2="0" tag="245"><subfield code="a">Vodnie potoki: modeli tecenii i kacestva vodsuti</subfield><subfield code="c">M.G. Hublarian</subfield></datafield><datafield ind1=" " ind2=" " tag="260"><subfield code="a">Moskva</subfield><subfield code="b">Nauka</subfield><subfield code="c">1991</subfield></datafield><datafield ind1=" " ind2=" " tag="300"><subfield code="a">191 p</subfield></datafield><datafield ind1=" " ind2=" " tag="852"><subfield code="a">79922</subfield><subfield code="c">532</subfield></datafield><datafield ind1=" " ind2=" " tag="CAT"><subfield code="a">Sys</subfield><subfield code="c">20100903</subfield><subfield code="h">091334</subfield></datafield></record></collection>